@online{HuggingFace,
  title={sentence-transformers},
  author={Nils Reimers},
  year={2021},
  url={https://huggingface.co/sentence-transformers/all-MiniLM-L12-v2},
  urldate = {2022-04-28}, 
  publisher={HuggingFace}
}