@book{rang.etal2012rdp,
  author = {Rang, H. P. and Dale, M. M. and Ritter, J. M. and Flower, R. J. and Henderson, G.},
  year = {2012},
  title = {Rang and {Dale's} Pharmacology},
  edition = {7},
  address = {Edinburgh},
  publisher = {Elsevier Churchill Livingstone}}
@book{ou1972em,
  author = {{Open University}},
  year = {1972},
  title = {Electricity and Magnetism},
  address = {Bletchley},
  publisher = {Open University Press}}
@book{rothman.etal2008me,
  editor = {Kenneth J. Rothman and Sander Greenland and Timothy L. Lash},
  year = {2008},
  title = {Modern Epidemiology},
  edition = {3},
  address = {Philadelphia, Pa.},
  publisher = {Lippincott Williams \& Wilkins}}
@book{haynes2014crc,
  editor = {Haynes, W. M.},
  year = {2014},
  title = {{CRC} Handbook of Chemistry and Physics},
  edition = {94},
  address = {Boca Raton, Fla.},
  publisher = {CRC Press/Taylor and Francis},
  url = {http://www.hbcpnetbase.com},
  urlyear = {16 June 2016}}
@book{hodds2016re,
  author = {Hodds, J.},
  year = {2016},
  title = {Referencing ebooks},
  titleaddon = {Kindle version 4.18},
  address = {Bath},
  publisher = {University of Bath}}
@reference{bnf2020,
  year = {2020},
  title = {{British National Formulary}},
  edition = {79},
  address = {London},
  publisher = {Pharmaceutical Press}}
@inreference{asprin2020bnf,
  title = {Asprin},
  year = {2020},
  booktitle = {{British National Formulary}},
  edition = {79},
  address = {London},
  publisher = {Pharmaceutical Press}}
@inreference{asprin2019bnf,
  title = {Asprin},
  year = {2019},
  booktitle = {{British National Formulary}},
  address = {London},
  publisher = {Pharmaceutical Press},
  url = {https://www.medicinescomplete.com/\#/content/bnf/_456850132},
  urlyear = {26 November 2019}}
@incollection{burchard1965hhl,
  author = {Burchard, J. E.},
  year = {1965},
  title = {How Humanists use a Library},
  editor = {C. F. J. Overhage and J. R. Harman},
  booktitle = {Intrex: report on a planning conference and information transfer experiments},
  address = {Cambridge, Mass.},
  publisher = {MIT Press},
  pages = {41-87}}
@incollection{reid1967ptp,
  author = {D. R. Reid},
  year = {1967},
  title = {Physical Testing of Polymer Films},
  editor = {S. H. Pinner},
  booktitle = {Modern Packaging Films},
  address = {London},
  publisher = {Butterworths},
  pages = {143-183}}
@article{stieg1981cer,
  author = {Stieg, M. F.},
  year = {1981},
  title = {Continuing Education and the Reference Librarian in the Academic and Research Library},
  journal = {Library Journal},
  volume = {105},
  number ={22},
  pages = {2547-2551}}
@article{stieg1981inh,
  author = {Stieg, M. F.},
  year = {1981},
  title = {The Information Needs of Historians},
  journal = {College and Research Libraries},
  volume = {42},
  number ={6},
  pages = {549-560}}
@article{newman2010mcb,
  author = {Newman, R.},
  year = {2010},
  title = {Malaria control beyond 2010},
  journal = {{Brit.\@ Med.\@ J.}},
  volume = {341},
  number = {7765},
  pages = {157-208}}
@article{williams1997edd,
  author = {Williams, F.},
  year = {1997},
  title = {Electronic Document Delivery: a Trial in an Academic Library},
  journal = {Ariadne},
  volume = {10},
  url = {http://www.ariadne.ac.uk/issue10/edd/},
  urlyear = {5 December 1997}}
@article{liontou.etal2019dra,
  author = {Liontou, C. and Kontopodis, E. and Oikonomidis, N. and Maniotis, C. and
    Tassopoulos, A. and Tsiafoutis, I. and Lazaris, E. and Koutouzis, M.},
  year = {2019},
  title = {Distal Radial Access: a Review Article},
  journal = {Cardiovascular Revascularization Medicine},
  pubstate = {inpress},
  url = {https://www.sciencedirect.com/science/article/pii/S1553838919303367},
  urlyear = {19 June 2019}}
@techreport{shah.corrick2016hsc,
  author = {Shah, I. and Corrick, I.},
  year = {2016},
  title = {How should central banks respond to non-neutral inflation expectations?},
  address = {Bath},
  institution = {University of Bath},
  library = {OPUS},
  url = {http://opus.bath.ac.uk},
  urlyear = {4 May 2016}}
@article{haurant2004bbh,
  author = {Haurant, S.},
  year = {2004},
  title = {Britain's Borrowing Hits \pounds 1 Trillion},
  journal = {The {Guardian}},
  volume = {29 July},
  pages = {16c}}
@article{independent1992pub,
  author = {{The Independent}},
  year = {1992},
  title = {Picking Up the Bills},
  journal = {The {Independent}},
  volume = {4 June},
  pages = {28a}}
@inproceedings{crawford1965oim,
  author = {Crawford, G. I.},
  year = {1965},
  title = {Oxygen in Metals},
  editor = {J. M. A. Lenihan and S. J. Thompson},
  booktitle = {Activation Analysis: Proceedings of a {NATO} {Advanced} {Study} {Institute}},
  eventyear = {2--4 August 1964},
  venue = {Glasgow},
  address = {London},
  publisher = {Academic Press},
  pages = {113-118}}
@inproceedings{soper1972rbc,
  author = {Soper, D.},
  year = {1972},
  title = {Review of Bracken Control Experiments with Asulam},
  booktitle = {Proceedings of the 11th {British} {Weed} {Control} {Conference}},
  eventyear = {15--17 November 1972},
  venue = {Brighton},
  address = {Brighton},
  publisher = {University of Sussex},
  pages = {24-31}}
@mastersthesis{burrell1973ist,
  author = {Burrell, J. G.},
  year = {1973},
  title = {The Importance of School Tours in Education},
  type = {Thesis ({M.A.})},
  school = {Queen's University, Belfast}}
@techreport{unesco1993gip,
  author = {{UNESCO}},
  year = {1993},
  title = {General Information Programme and {UNISIST}},
  address = {Paris},
  institution = {UNESCO},
  number = {PGI-93/WS/22}}
@techreport{bre2007dqb,
  author = {{BRE}},
  year = {2007},
  title = {Designing Quality Buildings: a {BRE} Guide},
  address = {Bracknell},
  institution = {BRE},
  type = {Report},
  number = {497}}
@standard{bs5605:1990,
  author = {{BSI}},
  year = {1990},
  title = {{BS}~5605:1990 {Recommendations} for Citing and Referencing Published Material},
  address = {London},
  organization = {BSI}}
@standard{astm.d1655,
  author = {{ASTM}},
  year = {2019},
  title = {{ASTM~D1655} - 19 {Standard} Specification for Aviation Turbine Fuels},
  address = {West Conshohocken, Pa.},
  organization = {ASTM}}
@patent{pm1981opa,
  author = {{Phillipp Morris Inc.}},
  year = {1981},
  title = {Optical perforating apparatus and system},
  type = {European patent application},
  number = {0021165A1. 1981-01-07}}
@unpublished{harris2013fgr,
  author = {Harris, G.},
  year = {2013},
  title = {Focus group recommendations: internal task group report}}
@unpublished{hadley2015bir,
  author = {Hadley, S.},
  year = {2015},
  title = {Biomechanics: introductory reading, {BM289}: sport biomechanics},
  howpublished = {University of Bath}}
@unpublished{thomas2015wcr,
  author = {Thomas, D.},
  year = {2015},
  title = {Word count and referencing style},
  booktitle = {Frequently asked questions discussion board: {PHYS} 2011: housing studies},
  howpublished = {University of Bath}}
@image{nasa2015nat,
  author = {{NASA}},
  year = {2015},
  title = {{NASA} Astronaut {Tim} {Kopra} on {Dec.\@} 21 Spacewalk},
  address = {Washington},
  publisher = {NASA},
  url = {http://www.nasa.gov/image-feature/nasa-astronaut-tim-kopra-on-dec-21-spacewalk},
  urlyear = {7 January 2015}}
@image{iliff2006rcb,
  author = {D. Iliff},
  year = {2006},
  title = {{Royal} {Crescent} in {Bath,} {England} - {July} 2006},
  address = {San Francisco},
  organization = {Wikimedia Foundation},
  url = {https://commons.wikimedia.org/wiki/File:Royal_Crescent_in_Bath,_England_-_July_2006.jpg},
  urlyear = {7 January 2016}}
@image{anon1946peb,
  author = {Anon.},
  year = {1946},
  title = {Prototype electric bicycle displayed at the \enquote{Britain Can Make It} exhibition
    organised by the {Council} of {Industrial} {Design} and held at the {Victoria} and {Albert}
    {Museum}, {London}, 1946. {Designed} by {B.~G.} {Bowden}},
  titleaddon = {Photograph},
  address = {London},
  library = {Design Council Slide Collection}}
@manual{andrews.dury1773wilts,
  author = {Andrews, J. and Dury, A.},
  year = {1773},
  title = {Map of {Wiltshire}},
  series = {1 inch to 2 miles},
  address = {Devizes},
  publisher = {Wiltshire Record Society}}
@manual{os2020bath,
  author = {{Ordnance Survey}},
  year = {2020},
  title = {Street view map of {University of Bath}},
  series = {1:5000, OS VectorMapÂ® Local},
  url = {https://digimap.edina.ac.uk/roam/map/os},
  urlyear = {30 April 2020}}
@manual{google2020harbourside,
  author = {{Google}},
  year = {2020},
  title = {{Harbourside, Bristol}},
  series = {Google Maps},
  url = {https://www.google.co.uk/maps/place/Harbourside,+Bristol/},
  urldate = {2020-04-30}}
@video{macbeth1948,
  year = {1948},
  title = {Macbeth},
  type = {Film},
  note = {Directed by Orson Welles},
  address = {USA},
  publisher = {Republic Pictures}}
@video{moran2016sol,
  author = {Moran, C.},
  year = {2016},
  title = {Save Our Libraries},
  url = {https://www.youtube.com/watch?v=gKTfCz4JtVE&feature=youtu.be},
  urlyear = {29 April 2016}}
@video{uob2015wie,
  author = {{University of Bath}},
  year = {2015},
  title = {What is Engineering?},
  url = {https://www.youtube.com/watch?v=NoyZarq-Zbo},
  urlyear = {12 January 2016}}
@audio{chakrabarti2016hac,
  author = {Chakrabarti, V.},
  year = {2016},
  title = {How Architecture and City Planning Can Combat Social Inequality},
  url = {https://www.curbed.com/2016/5/5/11593058/vishaan-chakrabarti-pau-curbed-appeal-podcast},
  urlyear = {28 March 2019}}
@video{rsfo2006ep5,
  year = {2006},
  title = {Rick {Stein's} {French} Odyssey: Episode 5},
  type = {TV},
  note = {BBC2, 23 August. 20.30 hrs}}
@audio{archers20060823,
  year = {2006},
  title = {The {Archers}},
  type = {Radio},
  note = {BBC Radio 4, 23 August. 19.02 hrs}}
@book{beethoven1950symph1,
  author = {Ludwig van Beethoven},
  year = {1950},
  title = {Symphony no.1 in {C,} {Op.21}},
  address = {Harmondsworth},
  publisher = {Penguin}}
@online{holland2002gci,
  author = {Holland, M.},
  year = {2002},
  title = {Guide to Citing Internet Sources},
  address = {Poole},
  organization = {Bournemouth University},
  url = {http://www.bournemouth.ac.uk/library/using/guide_to_citing_internet_sourc.html},
  urlyear = {4 November 2002}}
@letter{clark2004euk,
  author = {Clark, T.},
  year = {5 July 2004},
  title = {A {European} {UK} {Libraries} {Plus}?},
  journal = {Lis-link},
  url = {lis-link@jiscmail.ac.uk},
  urlyear = {30 July 2004}}
@dataset{bvd2008bt,
  author = {{Bureau van Dijk}},
  year = {2008},
  title = {{BT} {Group} PLC Company Report},
  library = {FAME},
  address = {London},
  publisher = {Bureau van Dijk},
  url = {http://www.portal.euromonitor.com},
  urlyear = {6 November 2014}}
@dataset{wilson2013rgc,
  author = {Wilson, D.},
  year = {2013},
  title = {Real Geometry and Connectedness via Triangular Description: {CAD} Example Bank},
  address = {Bath},
  publisher = {University of Bath},
  doi = {10.15125/BATH-00069},
  urlyear = {20 April 2016}}
@software{screencasto,
  author = {@screencasto},
  title = {{Screencast-O-Matic}},
  version = {2},
  titleaddon = {computer program},
  url = {https://screencast-o-matic.com/},
  urlyear = {16 May 2016}}
@book{aristotle2007ne,
  author = {Aristotle},
  year = {2007},
  title = {Nicomachean Ethics},
  translator = {W. D. Ross},
  address = {South Dakota},
  publisher = {NuVisions}}
@book{esquivel2003cap,
  author = {Esquivel, L.},
  year = {2003},
  title = {Como Agua para Chocolate},
  titleaddon = {Like water for chocolate},
  address = {Barcelona},
  publisher = {Debolsillo}}
@article{thurfjell1975vhv,
  author = {Thurfjell, W.},
  year = {1975},
  title = {Vart har vÃ¥ran doktor tagit vÃ¤gen?},
  titleaddon = {Where has our doctor gone?},
  journal = {LÃ¤kartidningen},
  volume = {72},
  pages = {789}}
@article{hua1999qys1,
  author = {Linfu \noop{h}è¯æç« Hua},
  year = {1999},
  title = {Qingdai yilai {Sanxia} diqu shuihan zaihai de chubu yanjiu
    {æ¸ä»£ä»¥ä¾ä¸å³½å°åæ°´æ±ç½å®³çåæ­¥ç¡}},
  titleaddon = {A preliminary study of floods and droughts in the {Three} {Gorges} region since
    the {Qing} dynasty},
  journal = {Zhongguo shehui kexue \textup{ä¸­åç¤¾æç§å­¸}},
  volume = {1},
  pages = {168-79}}
@article{hua1999qys2,
  author = {Hua, Linfu},
  year = {1999},
  title = {Qingdai yilai {Sanxia} diqu shuihan zaihai de chubu yanjiu},
  titleaddon = {A preliminary study of floods and droughts in the {Three} {Gorges} region since
    the {Qing} dynasty},
  journal = {Zhongguo shehui kexue},
  volume = {1},
  pages = {168-79}}
@book{pamporov2006rvb,
  author = {Pamporov, A.},
  year = {2006},
  title = {Romskoto vsekidnevie v {Balgariya}},
  titleaddon = {Roma everyday life in Bulgaria},
  address = {Veliko Tarnovo},
  publisher = {Faber}}
@legislation{gb.wa1735,
  title = {Witchcraft {Act}},
  year = {1735},
  series = {9 Geo.2},
  chapter = {5}}
@legislation{gb.pa2014,
  title = {Pensions {Act}},
  year = {2014},
  chapter = {19},
  address = {London},
  publisher = {TSO}}
@legislation{gb.bill1987/88-66,
  author = {{Great Britain. Parliament. House of Commons}},
  year = {1988},
  title = {Local Government Finance Bill},
  address = {London},
  publisher = {HMSO},
  series = {{Bills | 1987/88}},
  number = {66}}
@legislation{gb.hmr2012,
  entrysubtype = {secondary},
  title = {The {Human} {Medicines} {Regulations}},
  year = {2012},
  number = {No.1916},
  address = {United Kingdom},
  publisher = {HMSO},
  url = {http://www.legislation.gov.uk/uksi/2012/1916/pdfs/uksi_20121916_en.pdf},
  urlyear = {17 April 2016}}
@techreport{gb.hc2003/04-30,
  author = {{Great Britain. Parliament. House of Commons}},
  year = {2004},
  title = {National {Savings} Investment Deposits: account 2002--2003},
  address = {London},
  publisher = {National Audit Office},
  series = {HC 2003/04},
  number = {30}}
@techreport{gb.hl1986/87-66,
  author = {{Great Britain. Parliament. House of Lords}},
  year = {1987},
  title = {Social Fund (Maternity and Funeral Expenses) Bill},
  address = {London},
  publisher = {HMSO},
  series = {HL 1986/87},
  number = {66}}
@techreport{gb.cm6041,
  author = {{Great Britain. Ministry of Defence}},
  year = {2004},
  title = {Delivering Security in a Changing World{:} Defence White Paper},
  address = {London},
  publisher = {TSO},
  series = {Cm},
  number = {6041}}
@legislation{eu.dir1984/2003,
  title = {Council {Regulation} ({EC}) 1984/2003 of 8 {April} 2003 Introducing a System for
    the Statistical Monitoring of Trade in Bluefin Tuna, Swordfish and Big Eye Tuna within
    the {Community}},
  year = {2003},
  journal = {OJ},
  series = {L},
  volume = {295}}
@techreport{ec2015gra,
  author = {{European Commission}},
  year = {2015},
  title = {General Report on the Activities of the {European} {Union} 2014},
  address = {Luxembourg},
  publisher = {Publications Office of the European Union}}
@jurisdiction{seldon-v-c.w.j2012,
  title = {Seldon v.~{Clarkson} {Wright} \& {Jakes}},
  year = {2012},
  journal = {UKSC},
  pages = {16}}
@jurisdiction{srl.etal-v-comm2005,
  title = {Alessandrini {Srl} and others v.~{Commission}},
  number = {C-295/03 P},
  year = {2005},
  journal = {ECR},
  volume = {I},
  pages = {5700}}
@book{adams2009tc1,
  author = {Adams, Gomez},
  year = {2009},
  title = {Test Citation One},
  address = {London},
  publisher = {Imperial College Bookstall}}
@book{adams2014tc2,
  author = {Adams, Gomez},
  year = {2014},
  title = {Test Citation Two},
  address = {Oxford},
  publisher = {Oxford University Press}}
@book{adams2017tc3,
  author = {Adams, Gomez},
  year = {2017},
  title = {Test Citation Three},
  address = {Cambridge},
  publisher = {Cambridge University Press}}
